@Book{gajo:79,
  author =       {Garey, M.~R. and Johnson, D.~S.},
  title =        "Computers and Intractability~: {A} Guide to the Theory
                 of {NP-Completeness}",
  publisher =    "Freeman \& Co.",
  year =         "1979",
}

@article{lehe:94,
    AUTHOR = {Hendrickson, B. and Leland, R.},
     TITLE = {An improved spectral graph partitioning algorithm for mapping
              parallel computations},
   JOURNAL = {SIAM J. Sci. Comput.},
    VOLUME = {16},
      YEAR = {1995},
    NUMBER = {2},
     PAGES = {452--469},
}

@inproceedings{poth:96,
   author    = {Pothen, A.},
       booktitle   = { D.E. Keyes, A.Sameh and V. Venkatakrishnan, eds.,
                Parallel Numerical Algorithms, ICASE/LaRC
                Interdisciplinary Series in Science and
                Engineering},
       title={Graph partitioning algorithms with applications to
              scientific computing},
       publisher={Academic Press},
       year={1996},
       pages={}
}

@incollection{ka:03,
    AUTHOR = {Karypis, G.},
     TITLE = {Multilevel hypergraph partitioning},
 BOOKTITLE = {Multilevel optimization in {VLSICAD}},
    VOLUME = {14},
     PAGES = {125--154},
 PUBLISHER = {Kluwer Acad. Publ., Dordrecht},
      YEAR = {2003},
}
		
@article{kaku:98,
    AUTHOR = {Karypis, G. and Kumar, V.},
     TITLE = {A fast and high quality multilevel scheme for partitioning
              irregular graphs},
   JOURNAL = {SIAM J. Matrix Anal. Appl.},
    VOLUME = {20},
      YEAR = {1998},
    NUMBER = {1},
     PAGES = {359--392},
}

@INPROCEEDINGS{kaku:95,
    author = {Karypis, G. and Kumar, V.},
    title = {Multilevel Graph Partitioning Schemes},
    booktitle = {Proc. 24th Intern. Conf. Par. Proc., III},
    year = {1995},
    pages = {113--122},
    publisher = {CRC Press}
}

@inproceedings{kaku:98.2,
     author = {Karypis, G. and Kumar, V.},
     title = {Multilevel Algorithms for Multi-Constraint Graph Partitioning},
     booktitle = {Proceedings of the 1998 ACM/IEEE Conference on Supercomputing},
     year = {1998},
     pages = {1--13},
     publisher = {IEEE Computer Society}
}

@article{posl:90,
    AUTHOR = {Pothen, A. and Simon, H. D. and Liou, K.},
     TITLE = {Partitioning sparse matrices with eigenvectors of graphs},
   JOURNAL = {SIAM J. Matrix Anal. Appl.},
    VOLUME = {11},
      YEAR = {1990},
    NUMBER = {3},
     PAGES = {430--452},
}

@article {liu:89,
    AUTHOR = {Liu, J. W. H.},
     TITLE = {A graph partitioning algorithm by node separators},
   JOURNAL = {ACM Trans. Math. Software},
    VOLUME = {15},
      YEAR = {1989},
    NUMBER = {3},
     PAGES = {198--219},
}

@article {fima:89,
     author = {Fiduccia, C. M. and Mattheyses, R. M.},
     TITLE = {A Linear-time Heuristic for Improving Network Partitions},
     booktitle = {Proceedings of the 19th Design Automation Conference},
     year = {1982},
     pages = {175--181},
}

@article{keli:70,
    author={Kernighan, B. W. and Lin, S.},
    journal={The Bell System Technical Journal},
    title={An efficient heuristic procedure for partitioning graphs},
    year={1970},
    volume={49},
    number={2},
    pages={291-307},
}

@article{gizm:87,
    AUTHOR = {Gilbert, J. R. and Zmijewski, E.},
    TITLE = {A parallel graph partitioning algorithm for a message-passing multiprocessor},
    JOURNAL = {Internat. J. Parallel Programming},
    VOLUME = {16},
    YEAR = {1987},
    NUMBER = {6},
    PAGES = {427--449},
}

		
@book {brry:91,
    AUTHOR = {Brualdi, R. A. and Ryser, H. J.},
    TITLE = {Combinatorial matrix theory},
    SERIES = {Encyclopedia of Mathematics and its Applications},
    VOLUME = {39},
    PUBLISHER = {Cambridge University Press, Cambridge},
    YEAR = {1991},
    PAGES = {x+367},
}



@book {hojo:85,
    AUTHOR = {Horn, R. A. and Johnson, C. R.},
     TITLE = {Matrix analysis},
 PUBLISHER = {Cambridge University Press, Cambridge},
      YEAR = {1985},
     PAGES = {xiii+561},
}


@article {lita:79,
    AUTHOR = {Lipton, R. J. and Tarjan, R. E.},
     TITLE = {A separator theorem for planar graphs},
   JOURNAL = {SIAM J. Appl. Math.},
    VOLUME = {36},
      YEAR = {1979},
    NUMBER = {2},
     PAGES = {177--189},
}


@article {MR1638029,
    AUTHOR = {Gilbert, J. R. and Miller, G. L. and Teng, S.-H.},
     TITLE = {Geometric mesh partitioning: implementation and experiments},
   JOURNAL = {SIAM J. Sci. Comput.},
  FJOURNAL = {SIAM Journal on Scientific Computing},
    VOLUME = {19},
      YEAR = {1998},
    NUMBER = {6},
     PAGES = {2091--2110},
      ISSN = {1064-8275},
     CODEN = {SJOCE3},
   MRCLASS = {65Y25},
  MRNUMBER = {1638029},
       DOI = {10.1137/S1064827594275339},
       URL = {http://dx.doi.org/10.1137/S1064827594275339},
}



@book {pis:84,
    AUTHOR = {Pissanetzky, S.},
     TITLE = {Sparse matrix technology},
 PUBLISHER = {Academic Press, Inc. [Harcourt Brace Jovanovich, Publishers],
              London},
      YEAR = {1984},
     PAGES = {xiv+321},
}

@book {ravi:96,
    AUTHOR = {Ravikumar, C. P.},
     TITLE = {Parallel Mathods for VLSI Physical Design},
 PUBLISHER = {Ablex Publishing Corporation,
              Norwood New Jersey},
      YEAR = {1996},
}

@article {pofa:90,
    AUTHOR = {Pothen, A. and Fan, Ch.-J.},
     TITLE = {Computing the block triangular form of a sparse matrix},
   JOURNAL = {ACM Trans. Math. Software},
    VOLUME = {16},
      YEAR = {1990},
    NUMBER = {4},
     PAGES = {303--324},
}

@article {paig:72,
    AUTHOR = {Paige, C. C.},
     TITLE = {Computational variants of the {L}anczos method for the
              eigenproblem},
   JOURNAL = {J. Inst. Math. Appl.},
    VOLUME = {10},
      YEAR = {1972},
}

@article {kary:13,
    AUTHOR = {Karypis, G.},
    TITLE = {METIS - A Software Package for Partitioning Unstructured Graphs, Partitioning Meshes, and Computing Fill-Reducing Orderings of Sparse Matrices Version 5.1.0},
    YEAR = {2013},
}

@article {lehe:95,
    AUTHOR = {Hendrickson, B. and Leland, R.},
    TITLE = {The Chaco User's Guide Version 2.0},
    YEAR = {1995},
}

@techreport{saad:94,
    AUTHOR = {Saad, Y.},
    TITLE ="{SPARSKIT}: A basic tool kit for sparse matrix computations, version 2",
	year="1994"
}

@article {lanc:50,
    AUTHOR = {Lanczos, C.},
     TITLE = {An iteration method for the solution of the eigenvalue problem
              of linear differential and integral operators},
   JOURNAL = {J. Research Nat. Bur. Standards},
    VOLUME = {45},
      YEAR = {1950},
     PAGES = {255--282}
}

@article {hubl:99,
    AUTHOR = {Hu, I.F.},
     TITLE = {Load Balancing for Unstructured Mesh Applications},
   JOURNAL = {Parallel and Distributed Computing Practices},
    VOLUME = {2},
      YEAR = {1999},
    NUMBER = {3},
}

@BOOK{lapack,
      AUTHOR = {Anderson, E. and Bai, Z. and Bischof, C. and
                Blackford, S. and Demmel, J. and Dongarra, J. and
                Du Croz, J. and Greenbaum, A. and Hammarling, S. and
                McKenney, A. and Sorensen, D.},
      TITLE = {{LAPACK} Users' Guide},
      EDITION = {Third},
      PUBLISHER = {Society for Industrial and Applied Mathematics},
      YEAR = {1999}
}

@book{mane:08,
   title =     {An invitation to discrete mathematics},
   author =    {Matousek J. and Nesetril J.},
   publisher = {Oxford University Press},
   year =      {2008},
   edition =   {2ed},
}

@book {fomo:67,
    AUTHOR = {Forsythe, George E. and Moler, Cleve B.},
     TITLE = {Computer solution of linear algebraic systems},
 PUBLISHER = {Prentice-Hall, Inc., Englewood Cliffs, N.J.},
      YEAR = {1967},
     PAGES = {xi+148},
}

@phdthesis{ge:71,
     author = {George, A.},
     title = {Computer Implementation of the Finite Element Method},
     year = {1971},
     publisher = {Stanford University},
}

@inproceedings{cumc:69,
 author = {Cuthill, E. and McKee, J.},
 title = {Reducing the Bandwidth of Sparse Symmetric Matrices},
 booktitle = {Proceedings of the 1969 24th National Conference},
 year = {1969},
 pages = {157--172},
 publisher = {ACM},
}

@book {geli:81,
    AUTHOR = {George, A. and Liu, J. W. H.},
     TITLE = {Computer solution of large sparse positive definite systems},
 PUBLISHER = {Prentice-Hall, Inc., Englewood Cliffs, N.J.},
      YEAR = {1981},
}

@BOOK{temp94,
AUTHOR = {R. Barrett and M. Berry and T. F. Chan and J. Demmel and J. Donato and J. Dongarra and V. Eijkhout and R. Pozo and C. Romine and H. Van der Vorst },
TITLE = {Templates for the Solution of Linear Systems: Building Blocks for Iterative Methods, 2nd Edition},
PUBLISHER = {SIAM},
YEAR = {1994},
ADDRESS = {Philadelphia, PA} }

@incollection {poth:97,
    AUTHOR = {Pothen, Alex},
     TITLE = {Graph partitioning algorithms with applications to scientific
              computing},
 BOOKTITLE = {Parallel numerical algorithms ({H}ampton, {VA}, 1994)},
    VOLUME = {4},
     PAGES = {323--368},
 PUBLISHER = {Kluwer Acad. Publ., Dordrecht},
      YEAR = {1997}
}

@article {edmo:65,
    AUTHOR = {Edmonds, J.},
     TITLE = {Maximum matching and a polyhedron with {$0,1$}-vertices},
   JOURNAL = {Journal of Research of the National Bureau of Standards},
    VOLUME = {69B},
      YEAR = {1965},
     PAGES = {125--130}
}

@book {lawl:76,
    AUTHOR = {Lawler, E. L.},
     TITLE = {Combinatorial optimization: networks and matroids},
 PUBLISHER = {Holt, Rinehart and Winston, New York-Montreal, Que.-London},
      YEAR = {1976},
     PAGES = {x+374}
}


@book {govl:83,
    AUTHOR = {Golub, G. H. and Van Loan, C. F.},
     TITLE = {Matrix computations},
    SERIES = {Johns Hopkins Series in the Mathematical Sciences},
    VOLUME = {3},
 PUBLISHER = {Johns Hopkins University Press, Baltimore, MD},
      YEAR = {1983},
     PAGES = {xvi+476}
}


@book {davi:06,
    AUTHOR = {Davis, T. A.},
     TITLE = {Direct methods for sparse linear systems},
    SERIES = {Fundamentals of Algorithms},
    VOLUME = {2},
 PUBLISHER = {Society for Industrial and Applied Mathematics (SIAM),
              Philadelphia, PA},
      YEAR = {2006},
     PAGES = {xii+217},
}

@article {rose:72,
    AUTHOR = {Rose, D. J.},
     TITLE = {A graph-theoretic study of the numerical solution of sparse
              positive definite systems of linear equations},
 BOOKTITLE = {Graph theory and computing},
     PAGES = {183--217},
 PUBLISHER = {Academic Press, New York},
      YEAR = {1972},
}

@book {koub:11,
    AUTHOR = {Koubková, A. and Koubek, V.},
    TITLE = {Datové struktury 1},
    EDITION = {1},
    YEAR = {2011},
    PUBLISHER = {Praha: Matfyzpress},
    PAGES = {31--39}
}

@misc{hbcol,
  TITLE = {Harwell-Boeing Collection},
  howpublished = {\url{https://math.nist.gov/MatrixMarket/data/Harwell-Boeing/}},
  note = {Accessed: 5. 10. 2018}
}